<?xml version="1.0" encoding="UTF-8"?><collection><record><leader>07756ntm a2200673 a 4500</leader><controlfield tag="001">006813245</controlfield><controlfield tag="003">MiAaHDL</controlfield><controlfield tag="005">20190719000000.0</controlfield><controlfield tag="006">m        d        </controlfield><controlfield tag="007">cr bn ---auaua</controlfield><controlfield tag="008">090604s1570    ua            00| ||ara d</controlfield><datafield tag="035" ind1=" " ind2=" "><subfield code="a">(MiU)006813245</subfield></datafield><datafield tag="035" ind1=" " ind2=" "><subfield code="a">sdr-miu006813245</subfield></datafield><datafield tag="040" ind1=" " ind2=" "><subfield code="a">MiU</subfield><subfield code="c">MiU</subfield><subfield code="e">amremm</subfield></datafield><datafield tag="043" ind1=" " ind2=" "><subfield code="a">n-us-mi</subfield></datafield><datafield tag="100" ind1="0" ind2=" "><subfield code="6">880-01</subfield><subfield code="a">Suyūṭī,</subfield><subfield code="d">1445-1505.</subfield></datafield><datafield tag="245" ind1="1" ind2="3"><subfield code="6">880-03</subfield><subfield code="a">[al-Wasāʼil ilá maʻrifat al-Awāʼil maʻa al-Kashf ʻan mujāwazat hādhihi al-ummah al-alf,</subfield><subfield code="f">977, i.e. 1570].</subfield></datafield><datafield tag="246" ind1="3" ind2=" "><subfield code="i">Title from inscription on 'title page' (p.1):</subfield><subfield code="a">كتاب الوسائل الى معرفة الاوائل للسيوطي ويتلوه تمييز الطيب من الخبيث مما يدور على الالسنة من الحديث والكشف عن مجاوزة هذه الالف</subfield></datafield><datafield tag="260" ind1=" " ind2=" "><subfield code="a">[Egypt?,</subfield><subfield code="c">1570].</subfield></datafield><datafield tag="300" ind1=" " ind2=" "><subfield code="a">61 leaves :</subfield><subfield code="b">paper ;</subfield><subfield code="c">203 x 148 (143 x 97) mm. bound to 209 x 152 mm.</subfield></datafield><datafield tag="500" ind1=" " ind2=" "><subfield code="a">Shelfmark: Ann Arbor, University of Michigan, Special Collections Library, Isl. Ms. 658</subfield></datafield><datafield tag="500" ind1=" " ind2=" "><subfield code="a">Origin: As appears in colophon on p.109, opening work copied for himself by ʻAlī Nūr al-Dīn ibn al-Ḥasan Badr al-Dīn ibn Muḥammad Jalāl al-Dīn al-Barhamtūshī ( علي نور الدين بن الحسن بدر الدين بن محمد جلال الدين البرهمتوشي ) with transcription completed 3 Ramaḍān 977 [ca. 9 February 1570]. Second work appears to have been supplied by the same copyist around the same time.</subfield></datafield><datafield tag="500" ind1=" " ind2=" "><subfield code="a">Accompanying materials: a. Inventory cataloguing slip in hand of Winifred Smeaton Thomas -- b. Acquisitions slip from Yahuda.</subfield></datafield><datafield tag="500" ind1=" " ind2=" "><subfield code="a">Former shelfmark: From inner front cover and label on lower cover, "IL 411a" (likely supplied by Yahuda, see acquisitions slip).</subfield></datafield><datafield tag="500" ind1=" " ind2=" "><subfield code="a">Binding: Boards covered in black cloth ; Western style binding ; pastedowns and flyleaves in light olive green wove paper ; resewn in white thread, six stations ; overall in good condition.</subfield></datafield><datafield tag="500" ind1=" " ind2=" "><subfield code="a">Support: European laid paper with 9 laid lines per cm. (vertical), chain lines spaced 29 mm. (horizontal), anchor in circle watermark with six-pointed star above (see pp.6 and 12,etc.), "AP" or "AS" countermark (see p.8), well-sized and burnished, sturdy though fairly crisp.</subfield></datafield><datafield tag="500" ind1=" " ind2=" "><subfield code="a">Decoration: Section headings, keywords, and some abbreviation symbols (two-teeth stroke, etc.) rubricated.</subfield></datafield><datafield tag="500" ind1=" " ind2=" "><subfield code="a">Script: Naskh ; compact, somewhat angular Egyptian hand in a medium to bold line (line thickness varies somewhat) ; serifless with slight inclination to the left (with words descending to baseline), elongation of horizontal strokes, pointing in distinct dots, kāf mashqūqah preferred (even final kāf), foot of final isolated lām quite flattened and elongated (sits on baseline).</subfield></datafield><datafield tag="500" ind1=" " ind2=" "><subfield code="a">Layout: Written in 21 lines per page.</subfield></datafield><datafield tag="500" ind1=" " ind2=" "><subfield code="a">Collation: i, V-1 (9), 5 V(59), I (61), i ; almost exclusively quinions ; final added bifolium left blank ; quire numbering in the form of whole words in the upper outer corner of the recto of the opening leaf of each quire (partially cut off) ; catchwords present ; pagination in pencil, Western numerals, supplied during digitization.</subfield></datafield><datafield tag="500" ind1=" " ind2=" "><subfield code="a">Colophon: [al-Wasāʼil ilá maʻrifat al-Awāʼil] "تم بحمد الله وعون ولله الحمد والمنة اولا واخرا وباطنا وظاهرا وسرا وعلانية ... وعلقه لنفسه ثم لمن شاء الله تعالى من بعده اقل عبيد الله ... علي نور الدين بن الحسن بدر الدين بن محمد جلال الدين البرهمتوشي الشافعي [؟] غفر الله تعالى بكرمه ذنوبه وستر بعفوه ذنوبه وذلك في اليوم المبارك الثالث من شهر رمضان المعظم ... من شهور سنة سبع وسبعين وتسعمائة احسن الله ختامها وما بعدها في خير وعافية وسلامة امين امين امين وصلى الله علي سيدنا محمد وعلى اله وصحبه وسلم"</subfield></datafield><datafield tag="500" ind1=" " ind2=" "><subfield code="a">Incipit: [al-Wasāʼil ilá maʻrifat al-Awāʼil] "الحمد لله الاول فليس له اخر ... وبعد فهذا كتاب لطيف جامع للاوائل لخصت فيه كتاب الاوائل للعسكري وزدت عليه اضعافه ورتبته ترتيبا ... وسميته الوسائل الى معرفة الاوائل ..." ; [al-Kashf ʻan mujāwazat hādhihi al-ummah al-alf] "الحمد لله وسلام على عباده الذين اصطفى وبعد فقد كثر السؤال عن الحديث المشهور على السنة الناس ان النبي صلى الله عليه وسلم لا يمكث في قبره الف سنة وانا اجيب بانه باطل ... فقصدني القاصدون في كشف وسألني الواردون ان اجعل فيه مؤلفا يزدان لوصفه فاجبتهم الى ما سألوا وشرعت لهم ... وسميته الكشف عن مجاوزة هذه الامة الالف ..."</subfield></datafield><datafield tag="500" ind1=" " ind2=" "><subfield code="a">Title supplied by cataloguer.</subfield></datafield><datafield tag="500" ind1=" " ind2=" "><subfield code="a">Ms. codex.</subfield></datafield><datafield tag="505" ind1="0" ind2=" "><subfield code="a">3. p.119-p.122 : [blank].</subfield></datafield><datafield tag="505" ind1="0" ind2=" "><subfield code="a">2. p.110-p.118 : al-Kashf ʻan mujāwazat hādhihi al-ummah al-alf / al-Suyūṭī.</subfield></datafield><datafield tag="505" ind1="0" ind2=" "><subfield code="a">1. p.2-p.109 : al-Wasāʼil ilá maʻrifat al-Awāʼil / al-Suyūṭī.</subfield></datafield><datafield tag="510" ind1="4" ind2=" "><subfield code="a">Ḥājjī Khalīfah. Kashf al-ẓunūn,</subfield><subfield code="c">vi 435 no.14213</subfield></datafield><datafield tag="510" ind1="4" ind2=" "><subfield code="a">Brockelmann, C. GAL,</subfield><subfield code="c">II 158</subfield></datafield><datafield tag="520" ind1="8" ind2=" "><subfield code="a">Careful copy of two works by al-Suyūṭī (d.1505), namely al-Wasāʼil ilá maʻrifat al-Awāʼil, a work of miscellaneous historical notices relating to origins, inventors and inventions, condensing and expanding on al-Awāʼil of Abū Hilāl al-Ḥasan al-ʻAskarī (d. ca.1010), followed by al-Kashf ʻan mujāwazat hādhihi al-ummah al-alf, a treatise analyzing a spurious ḥadīth and addressing happenings at the end of time, lacking a few pages of text from the end.</subfield></datafield><datafield tag="538" ind1=" " ind2=" "><subfield code="a">Mode of access: Internet.</subfield></datafield><datafield tag="541" ind1=" " ind2=" "><subfield code="a">Acquired in 1926 from the bookseller Isaac Benjamin S.E. Yahuda via purchase transacted on his behalf by his younger brother, the famous Orientalist and manuscript collector Abraham Shalom Yahuda (1877-1951).</subfield></datafield><datafield tag="546" ind1=" " ind2=" "><subfield code="a">Arabic.</subfield></datafield><datafield tag="561" ind1=" " ind2=" "><subfield code="a">Ownership statement on 'title page' (p.1) in name of Muḥammad ibn Muṣṭafá al-Qādirī ( السيد محمد القادري ابن المرحوم مصطفى القادري ) accompanied by partially lost seal impression ; occasional glosses and marginal corrections.</subfield></datafield><datafield tag="600" ind1="1" ind2="0"><subfield code="a">ʻAskarī, Abū Hilāl al-Ḥasan ibn ʻAbd Allāh.</subfield><subfield code="t">Awāʼil.</subfield></datafield><datafield tag="650" ind1=" " ind2="0"><subfield code="a">Manuscripts, Arabic</subfield><subfield code="z">Michigan</subfield><subfield code="z">Ann Arbor.</subfield></datafield><datafield tag="650" ind1=" " ind2="0"><subfield code="a">Islamic eschatology</subfield><subfield code="v">Early works to 1800.</subfield></datafield><datafield tag="650" ind1=" " ind2="0"><subfield code="a">Hadith</subfield><subfield code="x">Criticism, interpretation, etc.</subfield><subfield code="v">Early works to 1800.</subfield></datafield><datafield tag="650" ind1=" " ind2="0"><subfield code="a">Islam</subfield><subfield code="v">Miscellanea</subfield><subfield code="v">Early works to 1800.</subfield></datafield><datafield tag="650" ind1=" " ind2="0"><subfield code="a">Islam</subfield><subfield code="x">History</subfield><subfield code="v">Early works to 1800.</subfield></datafield><datafield tag="700" ind1="0" ind2=" "><subfield code="6">880-08</subfield><subfield code="a">Muḥammad ibn Muṣṭafá al-Qādirī,</subfield><subfield code="e">former owner.</subfield></datafield><datafield tag="700" ind1="0" ind2=" "><subfield code="6">880-07</subfield><subfield code="a">ʻAlī ibn al-Ḥasan ibn Muḥammad al-Barhamtūshī ,</subfield><subfield code="d">fl. 1570,</subfield><subfield code="e">scribe.</subfield></datafield><datafield tag="740" ind1="0" ind2="2"><subfield code="6">880-04</subfield><subfield code="a">Kashf ʻan mujāwazat hādhihi al-ummah al-alf</subfield></datafield><datafield tag="773" ind1="0" ind2=" "><subfield code="a">Yahuda Collection.</subfield></datafield><datafield tag="880" ind1="0" ind2=" "><subfield code="6">700-08/</subfield><subfield code="a">محمد بن مصطفى القادري,</subfield><subfield code="e">مالك سابق.</subfield></datafield><datafield tag="880" ind1="0" ind2=" "><subfield code="6">700-07/</subfield><subfield code="a">علي بن الحسن بن محمد البرهمتوشي,</subfield><subfield code="e">ناسخ.</subfield></datafield><datafield tag="880" ind1="0" ind2="2"><subfield code="6">740-04/</subfield><subfield code="a">كشف عن مجاوزة هذه الامة الالف</subfield></datafield><datafield tag="880" ind1="1" ind2="2"><subfield code="6">245-03/</subfield><subfield code="a">[الوسائل الى معرفة الاوائل مع الكشف عن مجاوزة هذه الامة الالف,</subfield><subfield code="f">977ه، 1570م].</subfield></datafield><datafield tag="880" ind1="0" ind2=" "><subfield code="6">100-01/</subfield><subfield code="a">سيوطي.</subfield></datafield><datafield tag="CID" ind1=" " ind2=" "><subfield code="a">006813245</subfield></datafield><datafield tag="DAT" ind1="0" ind2=" "><subfield code="a">20190719102638.0</subfield><subfield code="b">20190719000000.0</subfield></datafield><datafield tag="DAT" ind1="1" ind2=" "><subfield code="a">20190719090653.0</subfield><subfield code="b">2019-07-19T16:11:58Z</subfield></datafield><datafield tag="DAT" ind1="2" ind2=" "><subfield code="a">2015-10-02T18:00:03Z</subfield></datafield><datafield tag="CAT" ind1=" " ind2=" "><subfield code="a">SDR-MIU</subfield><subfield code="d">EX LIBRIS - ALEPH</subfield><subfield code="l">prepare.pl-004-008</subfield></datafield><datafield tag="FMT" ind1=" " ind2=" "><subfield code="a">BK</subfield></datafield><datafield tag="HOL" ind1=" " ind2=" "><subfield code="0">sdr-miu006813245</subfield><subfield code="a">MiU</subfield><subfield code="b">SDR</subfield><subfield code="c">MIU</subfield><subfield code="p">mdp.39015079128222</subfield><subfield code="s">MIU</subfield><subfield code="1">006813245</subfield></datafield><datafield tag="974" ind1=" " ind2=" "><subfield code="b">MIU</subfield><subfield code="c">MIU</subfield><subfield code="d">20190719</subfield><subfield code="s">lit-dlps-dc</subfield><subfield code="u">mdp.39015079128222</subfield><subfield code="y">1570</subfield><subfield code="r">pd</subfield><subfield code="q">bib</subfield><subfield code="t">non-US bib date1 &lt; 1879</subfield></datafield></record></collection>